@article{smadja93,
 author = {Frank Smadja},
 title = {Retrieving collocations from text: Xtract},
 journal = {Comput. Linguist.},
 volume = {19},
 number = {1},
 year = {1993},
 issn = {0891-2017},
 pages = {143--177},
 publisher = {MIT Press},
 address = {Cambridge, MA, USA},
 }

@inproceedings{seretan2003,
	year = {2003},
	pages = {424-431},
	booktitle = {Proceedings of the Fourth International Conference on Recent Advances in NLP (RANLP-2003)},
	author = {Violeta Seretan and Luka Nerima and Eric Wehrli},
	title = {Extraction of Multi-Word Collocations Using Syntactic Bigram Composition},
	address = {Borovets, Bulgaria}
}

@inproceedings{ sag02multiword,
    author = {Ivan A. Sag and Timothy Baldwin and Francis Bond and Ann A. Copestake and Dan Flickinger},
    title = {Multiword Expressions: A Pain in the Neck for NLP},
    booktitle = {CICLing},
    pages = {1--15},
    year = {2002}
}

@InProceedings{SeretanWehrli2006ACL,
  author    = {Seretan, Violeta  and  Wehrli, Eric},
  title     = {Accurate Collocation Extraction Using a Multilingual Parser},
  booktitle = {Proceedings of the 21st International Conference on Computational Linguistics and 44th Annual Meeting of the Association for Computational Linguistics},
  month     = {July},
  year      = {2006},
  address   = {Sydney, Australia},
  publisher = {Association for Computational Linguistics},
  pages     = {953--960},
  url       = {http://www.aclweb.org/anthology/P/P06/P06-1120}
}

@InProceedings{fips2007,
  author    = {Wehrli, Eric},
  title     = {Fips, A ``Deep'' Linguistic Multilingual Parser},
  booktitle = {ACL 2007 Workshop on Deep Linguistic Processing},
  month     = {June},
  year      = {2007},
  address   = {Prague, Czech Republic},
  publisher = {Association for Computational Linguistics},
  pages     = {120--127},
  url       = {http://www.aclweb.org/anthology/W/W07/W07-1216}
}

@inproceedings{1118854,
 author = {Timothy Baldwin and Aline Villavicencio},
 title = {Extracting the unextractable: a case study on verb-particles},
 booktitle = {COLING-02: proceeding of the 6th conference on Natural language learning},
 year = {2002},
 pages = {1--7},
 doi = {http://dx.doi.org/10.3115/1118853.1118854},
 publisher = {Association for Computational Linguistics},
 address = {Morristown, NJ, USA},
 }
@Manual{RProject,
       title        = {R: A Language and Environment for Statistical
                       Computing},
       author       = {{R Development Core Team}},
       organization = {R Foundation for Statistical Computing},
       address      = {Vienna, Austria},
       year         = 2007,
       note         = {{ISBN} 3-900051-07-0},
       url          = {http://www.R-project.org}
     }